

@book{terrainbook,
	author = {Ledoux, Hugo and Arroyo Ohori, Ken and Peters, Ravi and Pronk, Maarten},
	publisher = {Self-published},
	title = {Computational modelling of terrains},
  doi = {10.5281/zenodo.3992107},
	year = {2025}
}
